<record><leader>00000cas a2200000 a 4500</leader><controlfield tag="001">31989768</controlfield><controlfield tag="007">hd bfu---baat</controlfield><controlfield tag="007">hd afu---bact</controlfield><controlfield tag="008">950214d1uuu1934nbuwr nea     0    0eng d</controlfield><datafield ind1=" " ind2=" " tag="010"><subfield code="a">sn 95069147 </subfield></datafield><datafield ind1=" " ind2=" " tag="040"><subfield code="a">NVG</subfield><subfield code="b">eng</subfield><subfield code="c">NVG</subfield><subfield code="d">OCL</subfield><subfield code="d">OCLCQ</subfield><subfield code="d">OCLCF</subfield><subfield code="d">OCLCO</subfield></datafield><datafield ind1="1" ind2=" " tag="029"><subfield code="a">AU@</subfield><subfield code="b">000011579568</subfield></datafield><datafield ind1=" " ind2=" " tag="042"><subfield code="a">msc</subfield></datafield><datafield ind1=" " ind2=" " tag="043"><subfield code="a">n-us-nb</subfield></datafield><datafield ind1="0" ind2=" " tag="130"><subfield code="a">Pilgrim (Cortland, Neb.)</subfield></datafield><datafield ind1="1" ind2="4" tag="245"><subfield code="a">The pilgrim</subfield><subfield code="h">[microform].</subfield></datafield><datafield ind1="3" ind2="0" tag="246"><subfield code="a">Cortland pilgrim</subfield></datafield><datafield ind1=" " ind2=" " tag="260"><subfield code="a">Cortland, Nebr. :</subfield><subfield code="b">Pilgrim Congregational Church,</subfield><subfield code="c">-1934.</subfield></datafield><datafield ind1=" " ind2=" " tag="300"><subfield code="a">v.</subfield></datafield><datafield ind1=" " ind2=" " tag="310"><subfield code="a">Weekly</subfield></datafield><datafield ind1="0" ind2=" " tag="362"><subfield code="a">-v. 9, no. 2 (Apr. 26, 1934).</subfield></datafield><datafield ind1=" " ind2=" " tag="500"><subfield code="a">Published in Lincoln, Neb., Aug. 25, 1932-Apr. 26, 1934.</subfield></datafield><datafield ind1=" " ind2=" " tag="515"><subfield code="a">Issues for &lt;1923&gt;-1925 lack numbering.</subfield></datafield><datafield ind1=" " ind2=" " tag="588"><subfield code="a">Description based on: Nov. 4, 1923.</subfield></datafield><datafield ind1=" " ind2=" " tag="533"><subfield code="a">Microfilm.</subfield><subfield code="m">1923-1934:[Gaps]</subfield><subfield code="b">[Lincoln, Neb. :</subfield><subfield code="c">Nebraska State Historical Society].</subfield><subfield code="e">1 microfilm reel ; 35 mm.</subfield></datafield><datafield ind1=" " ind2="0" tag="651"><subfield code="a">Cortland (Neb.)</subfield><subfield code="v">Newspapers.</subfield></datafield><datafield ind1=" " ind2="0" tag="651"><subfield code="a">Gage County (Neb.)</subfield><subfield code="v">Newspapers.</subfield></datafield><datafield ind1=" " ind2="0" tag="651"><subfield code="a">Lancaster County (Neb.)</subfield><subfield code="v">Newspapers.</subfield></datafield><datafield ind1=" " ind2="7" tag="655"><subfield code="a">Newspapers.</subfield><subfield code="2">fast</subfield><subfield code="0">(OCoLC)fst01423814</subfield></datafield><datafield ind1=" " ind2="7" tag="651"><subfield code="a">Nebraska</subfield><subfield code="z">Cortland.</subfield><subfield code="2">fast</subfield><subfield code="0">(OCoLC)fst01275684</subfield></datafield><datafield ind1=" " ind2="7" tag="651"><subfield code="a">Nebraska</subfield><subfield code="z">Gage County.</subfield><subfield code="2">fast</subfield><subfield code="0">(OCoLC)fst01204083</subfield></datafield><datafield ind1=" " ind2="7" tag="651"><subfield code="a">Nebraska</subfield><subfield code="z">Lancaster County.</subfield><subfield code="2">fast</subfield><subfield code="0">(OCoLC)fst01211912</subfield></datafield><datafield ind1=" " ind2=" " tag="752"><subfield code="a">United States</subfield><subfield code="b">Nebraska</subfield><subfield code="c">Gage</subfield><subfield code="d">Cortland.</subfield></datafield><datafield ind1=" " ind2=" " tag="752"><subfield code="a">United States</subfield><subfield code="b">Nebraska</subfield><subfield code="c">Lancaster</subfield><subfield code="d">Lincoln.</subfield></datafield><datafield ind1="0" ind2="4" tag="785"><subfield code="t">Lancaster County weekly</subfield><subfield code="w">(DLC)sn 95069077</subfield></datafield></record>